
@incollection{Ferreira+2008ccmms,
  author = {Ferreira, Jr., Paulo R. and Felipe Boffo and Ana L. C. Bazzan},
  title = {Using Swarm-{GAP} for Distributed Task Allocation in Complex Scenarios},
  booktitle = {Massively Multiagent Systems},
  publisher = {Springer},
  year = {2008},
  editor = {Nadeem Jamali and Paul Scerri and Toshiharu Sugawara},
  number = {5043},
  series = {Lecture Notes in Artificial Intelligence},
  pages = {107--121},
  address = {Berlin},
  url = {www.inf.ufrgs.br/maslab/pergamus/pubs/Swarm-GAP-LNCS.zip}
}

@book{Haupt&Haupt2004,
  title={Practical genetic algorithms},
  author={Haupt, Randy L and Haupt, Sue Ellen},
  year={2004},
  publisher={John Wiley \& Sons}
}

@inproceedings{Kitano2000,
   author =    {Kitano, H.},
   title =     {RoboCup Rescue: A Grand Challenge for Multi-Agent Systems},
   booktitle = {Proc. of the 4th International Conference on MultiAgent Systems},
   address =   {Boston, USA},
   year =      {2000},
   pages =     {5--12},
   publisher = {Los Alamitos, IEEE Computer Society}
}

@article{Salami&Hendtlass2003,
  title={A fast evaluation strategy for evolutionary algorithms},
  author={Salami, Mehrdad and Hendtlass, Tim},
  journal={Applied Soft Computing},
  volume={2},
  number={3},
  pages={156--173},
  year={2003},
  publisher={Elsevier}
}

@INPROCEEDINGS{Scerri+2005,
  author = {Paul Scerri and Alessandro Farinelli and Steven Okamoto and Milind
	Tambe},
  title = {Allocating tasks in extreme teams},
  booktitle = {Proc. of the Fourth International Joint Conference on Autonomous
	Agents and Multiagent Systems},
  year = {2005},
  editor = aamas05eds,
  pages = {727--734},
  address = {New York, USA},
  publisher = {ACM Press},
  doi = {http://doi.acm.org/10.1145/1082473.1082584},
  isbn = {1-59593-093-0},
  location = {Utrecht, The Netherlands}
}

@ARTICLE{Shmoys&Tardos1993,
  author = {David B. Shmoys and V. Tardos},
  title = {An approximation algorithm for the generalized assignment problem},
  journal = {Mathematical Programming},
  year = {1993},
  volume = {62},
  pages = {461--474},
  number = {3},
  address = {Secaucus, USA},
  issn = {0025-5610},
  publisher = {Springer-Verlag}
}

@INPROCEEDINGS{Theraulaz+1998,
  author = {Theraulaz, G. and Bonabeau, E. and Deneubourg, J.},
  title = {Response Threshold Reinforcement and Division of Labour in Insect
	Societies},
  booktitle = {Royal Society of London Series B - Biological Sciences},
  year = {1998},
  volume = {265},
  pages = {327--332},
  month = {2},
  url = {http://citeseer.nj.nec.com/theraulaz98response.html}
}

@inproceedings{Weber+2011,
  title={Building human-level ai for real-time strategy games},
  author={Weber, Ben G and Mateas, Michael and Jhala, Arnav},
  booktitle={Proceedings of the AAAI Fall Symposium on Advances in Cognitive Systems},
  pages={329--336},
  year={2011}
}
